<?xml version="1.0" encoding="UTF-8"?><collection xmlns="http://www.loc.gov/MARC21/slim"><record><leader>00522nam--2200181-i-4500</leader><controlfield tag="001">000024150</controlfield><controlfield tag="002">20161230</controlfield><controlfield tag="005">20161230201035</controlfield><controlfield tag="008">060222s1000------------r-----000-0-eng-d</controlfield><datafield ind1=" " ind2=" " tag="020"><subfield code="a">9971830914</subfield></datafield><datafield ind1=" " ind2=" " tag="040"><subfield code="a">IFIN-HH</subfield></datafield><datafield ind1=" " ind2=" " tag="080"><subfield code="a">539.122.17(061.3)</subfield></datafield><datafield ind1="1" ind2=" " tag="100"><subfield code="a">London, Georges W</subfield></datafield><datafield ind1="1" ind2="0" tag="245"><subfield code="a">Fourth international colloquium on photon-photon interactions 1981</subfield><subfield code="c">Georges w. london (ed.)</subfield></datafield><datafield ind1=" " ind2=" " tag="260"><subfield code="a">Singapore</subfield><subfield code="b">World Scientific</subfield><subfield code="c">1981</subfield></datafield><datafield ind1=" " ind2=" " tag="300"><subfield code="a">VIII + 529P</subfield></datafield><datafield ind1=" " ind2=" " tag="852"><subfield code="a">70221</subfield><subfield code="c">539.12</subfield></datafield><datafield ind1=" " ind2=" " tag="CAT"><subfield code="a">Sys</subfield><subfield code="c">20111208</subfield><subfield code="h">160618</subfield></datafield></record></collection>